<?xml version="1.0" encoding="UTF-8"?><collection xmlns="http://www.loc.gov/MARC21/slim"><record><leader>00612nam--2200205-i-4500</leader><controlfield tag="001">000006442</controlfield><controlfield tag="002">20161230</controlfield><controlfield tag="005">20161230201026</controlfield><controlfield tag="008">060222s1000------------r-----000-0-ger-d</controlfield><datafield ind1=" " ind2=" " tag="040"><subfield code="a">IFIN-HH</subfield></datafield><datafield ind1=" " ind2=" " tag="041"><subfield code="a">ger</subfield></datafield><datafield ind1=" " ind2=" " tag="080"><subfield code="a">539.1.08</subfield></datafield><datafield ind1="1" ind2=" " tag="100"><subfield code="a">Abel, H</subfield></datafield><datafield ind1="1" ind2="0" tag="245"><subfield code="a">Strahlenschutz und dosimetrie in der kerntechnik</subfield><subfield code="c">H. abel, w. rossbander, e. tolkedord</subfield></datafield><datafield ind1=" " ind2=" " tag="260"><subfield code="a">Leipzig</subfield><subfield code="b">Veb Deutscher Verlag Fur Grundstoff- Industrie</subfield><subfield code="c">1963</subfield></datafield><datafield ind1=" " ind2=" " tag="300"><subfield code="a">110P.+34 FIG</subfield></datafield><datafield ind1=" " ind2=" " tag="490"><subfield code="a">Kleine Bibliotcher Der Kerntechnik</subfield></datafield><datafield ind1="1" ind2=" " tag="700"><subfield code="a">Tolkendord, E</subfield></datafield><datafield ind1=" " ind2=" " tag="852"><subfield code="a">18792</subfield><subfield code="c">539.1.07:539.1.08</subfield></datafield><datafield ind1=" " ind2=" " tag="CAT"><subfield code="a">Sys</subfield><subfield code="c">20111018</subfield><subfield code="h">144634</subfield></datafield></record></collection>